3224 4664
674 294 678 298 ·
748 257 899 361 (ις)

307 405 392 505 His
422 400 641 508 stantibus
672 406 730 506 de
760 408 1054 511 Animalium
1076 486 1091 531 ,
1112 419 1160 509 &
1183 414 1333 552 Vege-
1436 433 1445 442 ‘

306 546 520 645 tabilium
551 549 755 683 partibus
783 588 865 680 per
896 551 1148 649 Diluvium
1173 578 1210 675 ‚‘
1240 553 1332 652 Mi-

215 743 228 791 (
306 688 449 783 nerali
475 725 621 826 regno
646 689 881 814 adaullis,
908 692 1110 790 arduum
1136 729 1220 791 nec
1245 694 1331 792 erit

301 862 491 957 quoque
514 830 745 931 rationem
770 831 961 930 reddere
981 834 1039 931 de
1057 863 1329 932 eaeterorum
1383 920 1385 924 Α

299 965 627 1094 mineralium‚
656 979 703 1070 ὅ(
732 972 979 1107 praesertim
1021 973 1328 1073 Metallorum

234 1151 236 1154 ⁴
296 1107 611 1247 miscellaneis,
629 1149 730 1243 quae
758 1105 1020 1212 offeruntur
1044 1113 1231 1211 cuilibet
1260 1116 1328 1212 in-

298 1251 448 1348 tuenti
478 1253 639 1355 omnia
668 1291 722 1352 ex
749 1216 1097 1355 Postdilulana
1114 1246 1327 1353 liacTer.

294 1394 346 1487 ia
368 1391 687 1516 deprompta,
707 1397 840 1488 nullo
868 1395 1051 1494 recursu
1079 1393 1240 1492 habito
1263 1393 1326 1491 ad
1390 1497 1393 1505 Δ
1421 1447 1427 1455 ’

296 1523 395 1620 illas
434 1521 482 1617 in
511 1520 698 1617 Natura
737 1515 981 1655 indigestas
1017 1520 1325 1630 Metallorum
1461 1547 1465 1559 '

296 1657 593 1801 gradationes
616 1736 632 1781 ,
679 1686 777 1757 arte
803 1657 1076 1757 reducibiles
1112 1661 1170 1758 ad
1198 1664 1324 1764 sum.

246 1862 250 1869 ·
291 1838 427 1903 mum
452 1797 709 1938 perleelum
724 1878 739 1923 ,
764 1797 857 1898 boc
883 1797 947 1897 est
977 1802 1036 1911 ad
1060 1801 1317 1931 Aurum„

290 1980 403 2075 quas
430 1980 518 2078 pro
563 1942 729 2043 celebri
755 1941 1057 2040 metallorum
1088 1943 1317 2045 transmu-

290 2084 469 2181 tatione
498 2084 545 2178 in
573 2083 761 2176 cerebro
788 2074 878 2209 ⁴fibi
907 2076 1093 2214 fingunt
1120 2082 1316 2210 quidam

289 2219 570 2320 Hermeticae
595 2216 843 2351 disciplinae
865 2216 1037 2314 audiui
1055 2294 1070 2339 ‚
1085 2255 1142 2314 ne
1165 2223 1312 2323 mavis

287 2362 444 2462 dicam
468 2359 605 2458 nimis
630 2357 846 2457 creduli.
897 2350 1002 2454 Nos
1038 2393 1149 2458 vero
1179 2395 1311 2461 rem..

286 2502 419 2601 aliter
446 2500 488 2599 se
509 2500 676 2599 habere
703 2495 936 2607 censemus
955 2497 1125 2596 Steebii
1148 2498 1309 2598 auclo-

285 2644 421 2740 ritate
459 2650 528 2773 (a)
568 2638 811 2738 videlicet:
851 2645 984 2738 Primo
1010 2647 1143 2739 Deum
1171 2645 1308 2777 ‘uidis-
1381 2752 1406 2808 C

272 2784 324 2917 se
350 2785 478 2878 omnia
499 2784 597 2915 quod
603 2781 692 2909 fint
724 2780 855 2879 ‘ualde
870 2781 1013 2899 lona,
1034 2814 1240 2914 propterea
1266 2825 1305 2880 e·
1331 2750 1538 2909 (³l50fi‘s‘lb'

236 3019 240 3028 ,
282 2925 384 3019 tiam
416 2926 621 3052 pulchra,
669 2927 727 3018 u
744 2917 970 3051 perfel‘ia3
1020 2924 1183 3053 quodfi
1212 2964 1304 3060 ergo

282 3067 448 3160 metalla
470 3097 541 3193 per
551 3061 692 3193 secula
719 3063 878 3157 virtute
905 3065 1115 3158 accretiva
1139 3065 1183 3158 in
1212 3097 1303 3194 per·
1461 3079 1467 3089 ’

270 3203 487 3332 feliionem
516 3201 713 3298 maturari
741 3196 981 3329 debuissent,
1008 3203 1174 3298 nundum
1200 3209 1301 3303 ‘ual-

283 3344 331 3434 de
365 3341 464 3436 bona
491 3341 700 3471 sutffent.
754 3338 938 3462 Quibus
964 3337 1177 3437 addimus
1209 3417 1225 3462 ,
1267 3337 1299 3438 s1

281 3477 474 3615 claretur
501 3480 601 3578 talis
624 3476 914 3613 perlestionis
938 3478 1148 3616 gradatio
1169 3554 1184 3599 ‚
1235 3479 1300 3597 se-

324 3658 327 3663 ·
773 3615 823 3711 D
1120 3651 1230 3747 que-
