3224 4664
742 258 893 362 (ιι)
955 347 962 373 ,

295 426 411 502 turae
439 402 562 506 lusus
594 404 794 506 nomine
820 408 1028 546 gaudent
1051 407 1327 510 adnefrendi

291 542 405 644 sunt·
424 545 588 647 noduli
619 546 992 671 marchaiitacei,
1025 548 1324 682 lapidesque,

292 682 370 782 alii
402 686 745 810 multiformes,
787 696 836 790 &
863 689 1112 825 pracsertim
1134 687 1324 787 mirabi-

294 823 359 922 les
382 824 496 951 illi,
530 856 586 928 ut
611 829 758 967 vulgo
791 829 988 964 loquar,
1016 825 1097 961 qui
1121 862 1145 925 e
1175 823 1321 928 stratis

294 906 509 1070 arenariis
544 969 828 1069 delabuntur
852 1003 1123 1101 ,quorum
1144 967 1320 1067 Aldro

290 1109 472 1207 vandus
492 1105 652 1210 noster
689 1116 752 1238 (a
723 1119 782 1240 a)
820 1110 1066 1212 iconismos
1092 1103 1459 1245 plurimosm
1340 1103 1401 1176 [Μ]
1444 1110 1497 1164 M
1475 1108 1536 1262 ,Μ

289 1244 528 1373 exhibuit,
553 1257 603 1350 δι
631 1287 659 1348 a
687 1247 987 1351 similitudine
1012 1285 1090 1357 eos
1112 1249 1319 1383 appella·
1377 1190 1459 1342 nii
1440 1192 1551 1348 ·ii⁶·

284 1413 357 1482 vlt
384 1395 481 1486 Mel
463 1396 721 1512 Iopeponiter,
738 1396 1054 1510 Crysomeiites,
1076 1391 1285 1506 Perstcites
1296 1463 1315 1508 ,

284 1518 509 1637 orchites,
532 1515 766 1616 Diarchires
784 1586 799 1632 ,
847 1519 1048 1637 sedites,
1066 1521 1157 1613 &o
1193 1523 1317 1644 Qnae

285 1655 448 1754 omnia
464 1651 682 1790 primitus
705 1648 800 1787 ipse
823 1651 1005 1755 intuens
1014 1649 1202 1776 ,fateor
1233 1659 1317 1771 ha.
1388 1783 1393 1796 Ι

283 1795 352 1893 ud
392 1792 640 1896 modicum
695 1822 904 1895 mentem
941 1830 1097 1904 meam
1130 1793 1345 1934 suspen-A

280 1929 395 2036 disse
409 1935 711 2067 ,usquedum
744 1929 1040 2039 fortunatum
1064 1934 1312 2051 inventum

283 2077 348 2174 ad
392 2111 560 2174 manus
596 2073 804 2204 porrexit
849 2108 975 2174 meas
1023 2073 1312 2194 dimidium„

284 2209 687 2349 Melopeponitis
673 2245 722 2308 ιιι
748 2244 841 2310 una
864 2241 1024 2343 parte
1009 2210 1307 2329 Marinorunr

201 2414 204 2419 ·
283 2349 622 2454 Testaceorum
643 2349 818 2451 nucleis
846 2348 1138 2473 obductum,
1173 2357 1307 2483 quod

201 2602 207 2616 ,
284 2493 532 2594 certiorem
558 2487 804 2614 arefecit,
837 2490 1308 2620 dequotamenan-

266 2658 360 2733 ‘tea
390 2632 681 2766 suspicabar,
702 2569 930 2734 forrirntos
949 2625 1078 2730 fuiffe
1106 2631 1191 2732 hor
1205 2635 1308 2734 Na·

284 2798 402 2871 turae
421 2770 544 2870 lusus
568 2768 675 2908 post
709 2772 962 2873 universale
989 2771 1303 2881 Diluviunm

284 2922 495 3045 nempea
525 2910 1046 3013 ventorum-vorticibus
1060 2913 1303 3016 materiem
1374 3004 1379 3011 .

283 3051 664 3186 pervolventibus
712 3086 798 3186 per
838 3086 1072 3182 aquarum
1115 3051 1302 3179 undas,

278 3197 402 3292 ¹dum
424 3191 581 3314 ibant,
605 3201 655 3292 &
680 3192 892 3292 redibant
912 3228 1045 3323 aqnae
1067 3190 1111 3290 se
1132 3193 1302 3327 perdu-

283 3331 435 3431 cendo
462 3334 523 3430 ad
548 3333 708 3453 Mare,
743 3340 794 3432 ὅ(
819 3330 880 3431 ad
918 3331 1301 3433 subterraneum„

285 3469 729 3610 Hydrophyla'cium
742 3515 760 3596 ,·
774 3506 869 3603 quo
894 3501 1105 3610 ternpore
1127 3501 1200 3622 tot
1223 3504 1304 3569 va-

1143 3642 1234 3707 na·
