3224 4664
744 237 885 346 (33)

289 389 470 516 felibio,
479 390 573 526 jam
599 393 876 531 consumpta
898 388 1079 530 penitus
1107 389 1320 496 fuerunt.

291 534 515 632 Praeterea
532 529 760 634 blendum
784 573 879 635 non
904 532 997 659 est,
1014 570 1042 632 a
1059 533 1105 630 vi
1131 535 1322 669 praedic·

291 673 328 771 ti
354 671 452 772 salis
475 711 571 774 non
595 674 928 810 consumptum
942 675 1049 798 ,sed
1064 674 1213 774 immo
1240 713 1321 810 pe·
1465 720 1468 728 ·

287 807 539 914 ¹treferium
564 808 693 912 fuiffe
708 814 830 916 offis
855 813 1053 915 frustum
1067 846 1319 938 ‚centuma

289 951 515 1059 librarum
539 956 754 1090 superans
784 959 1004 1093 pondus,
1044 957 1318 1091 cujusdam..

283 1091 423 1199 Piscis
464 1129 518 1194 ex
564 1096 889 1202 Cetaeeorum
930 1132 1137 1239 genere,
1185 1096 1316 1226 quod

286 1234 542 1370 paucisab
588 1234 699 1337 hinc
744 1238 880 1366 annis·
908 1241 1028 1340 inter
1061 1234 1316 1374 praedista„
1423 1311 1426 1320 ·

285 1374 444 1476 nostra
476 1374 616 1477 strata
636 1413 663 1478 a
687 1374 931 1480 fossoribus
951 1379 1226 1500 inventum,
1262 1412 1319 1476 ac

289 1512 476 1611 curiosis
513 1516 711 1602 Naturae
731 1513 994 1624 eultoribus
1027 1514 1318 1615 exhibitum..

284 1645 414 1773 fnit.
461 1641 712 1781 Perspeffls
746 1643 903 1743 adhuc
936 1643 1042 1764 his,
1096 1679 1198 1776 quae
1234 1647 1319 1752 in..

280 1789 446 1901 ,Terrae
475 1783 651 1884 intimis
675 1783 789 1885 locis
814 1783 1085 1886 acciderunt
1118 1787 1225 1921 post
1249 1791 1319 1889 U-

283 1925 560 2033 niversalem
597 1924 982 2062 Cataelysmum,
1028 1926 1209 2028 transeo
1254 1931 1317 2035 ad

285 2067 426 2205 ipfius
451 2067 672 2166 extimam
700 2095 884 2197 partem
909 2056 1161 2188 ornatam,⁴
1200 2064 1316 2171 ficu.

281 2207 326 2326 ti
355 2205 560 2342 superius
583 2200 823 2299 ostendere
848 2231 1040 2301 conatus
1068 2199 1152 2324 fui,
1173 2207 1317 2309 Mon.

281 2349 414 2455 ¹tibus
441 2422 457 2467 ‚
493 2338 742 2463 vallibus,
792 2341 1073 2443 Planitiebus
1101 2350 1202 2466 &o
1231 2345 1315 2448 im

281 2481 526 2623 ¹superficie
553 2518 761 2612 quorum
798 2477 986 2582 confuse
1021 2480 1314 2588 remanfiffta

285 2626 461 2739 semina
484 2621 831 2763 Vegetabilium
863 2622 1122 2750 omnium,
1171 2663 1316 2763 prop.

278 2797 359 2876 ..ter
386 2766 593 2901 ipsorum
620 2765 886 2886 levitatem,
914 2764 1120 2900 respo&
1148 2766 1208 2864 ad
1231 2803 1314 2867 cae-

289 2935 407 3006 teras
433 2901 659 3005 terrestres
687 2903 927 3026 materies,
967 2904 1205 3038 probabile
1232 2907 1315 3007 ad·
1476 2930 1479 2935 ’

285 3047 490 3157 modum
514 3043 578 3143 est
611 3119 621 3140 .
662 3045 826 3172 Quare
852 3042 1162 3166 arbitramur,
1182 3047 1313 3176 quod

279 3185 461 3309 ‚semina
495 3188 811 3309 Plantarum,
862 3220 963 3315 quae
1007 3185 1223 3324 indigena
1269 3226 1339 3288 e-'

290 3352 395 3426 rant
420 3325 467 3443 in
497 3321 688 3447 Africa,
718 3333 764 3423 ὅ(
795 3325 1046 3448 Amerini,
1072 3327 1313 3428 admixta..

284 3499 401 3567 eum
432 3466 558 3592 illis,
614 3463 795 3597 quaein
834 3457 973 3590 Aba,
1012 3474 1060 3566 b<
1088 3469 1314 3602 Europaa

780 3602 820 3703 E
1165 3628 1246 3704 na-
