3224 4664
986 318 1013 390 6

462 415 594 611 parte
635 467 658 566 l
696 467 859 602 capitis
882 312 1061 567 llaiinl
1081 458 1498 586 Animalis,-unn.s.=

463 649 573 715 cum
600 610 787 711 duobus
814 597 942 706 osseis
966 603 1247 739 processibus
1282 603 1318 718 B
1355 599 1497 704 inser-

326 754 345 797 *
395 739 412 852 J
464 784 599 874 tum,
627 756 676 850 ὃ(
704 746 945 849 obteslum
972 741 1103 845 fuisse
1127 781 1263 845 carne
1292 820 1309 870 ,
1354 775 1497 875 atque

465 890 809 1032 cartilaginibus
854 890 931 1011 K,
978 923 1082 1019 quae
1125 885 1175 986 in
1215 884 1355 987 fossili
1401 880 1496 985 hoc

466 1032 732 1173 fragmento
761 1028 1048 1166 consumptae
1072 1023 1294 1151 fuerunt,
1329 1021 1499 1126 renuis

465 1200 620 1272 tamen
659 1170 967 1303 aliqualibus,
1024 1205 1139 1304 quas
1159 1165 1493 1312 descripsimus,

464 1307 835 1445 reliquiisE„
998 1328 1001 1335 '
1143 1412 1147 1419 ,
1519 1343 1525 1352 ’

551 1446 853 1547 Descendunt
877 1445 1071 1544 tandem
1097 1450 1146 1551 irr
1173 1480 1364 1549 arenam
1392 1484 1500 1550 om-

464 1630 544 1694 nes
566 1583 834 1685 Diluvianae
851 1581 1197 1710 inundationis,
1221 1589 1408 1723 ejusque
1430 1586 1500 1689 ef-

465 1729 681 1831 sesluum
703 1749 1098 1862 oppugnatores,
1136 1723 1356 1860 ideasque
1387 1725 1504 1831 acu·

465 1902 548 1974 ant
576 1874 696 1987 suas,
729 1893 784 1963 ut
808 1862 1157 1988 demonstrent,
1179 1869 1496 1998 qna'ratione,

465 2046 560 2142 qua
591 2008 668 2109 via
707 2004 756 2104 in
793 2003 939 2104 Italiae
965 2002 1132 2144 nostrae
1154 2009 1357 2141 Montes.
1391 2032 1498 2146 per.

424 2158 427 2163 ’
465 2150 624 2252 venire
647 2145 810 2286 potuit
832 2144 935 2247 haec
957 2145 1129 2248 ceracei
1151 2146 1376 2284 species,e
1399 2178 1499 2252 tam

465 2291 659 2393 remotis
690 2287 984 2428 regionibus,
1009 2288 1147 2388 nullo
1172 2288 1390 2435 perfugio
1416 2291 1500 2393 ha·

425 2452 427 2455 ’
466 2435 569 2535 bito
592 2431 653 2532 ad
677 2429 935 2560 Te'traquei
957 2428 1103 2528 Globi
1131 2427 1372 2565 praefatam
1399 2432 1495 2534 Ca-

445 2571 753 2707 'tastrophem
772 2605 858 2690 ,ac
888 2561 1262 2692 dissolutionem,
1283 2573 1413 2706 cujus
1439 2567 1500 2670 fi.

451 2712 563 2813 'cuti
590 2711 685 2809 hoc
707 2743 891 2810 novum
917 2708 1193 2836 inventum,
1209 2713 1260 2809 in
1280 2711 1401 2847 ipsos
1425 2714 1498 2813 in·

465 2852 615 2955 vislus
640 2848 707 2950 est
733 2847 895 2973 tellis,
929 2851 997 2951 ita
1015 2852 1341 2992 dignissimum
1378 2850 1495 2984 elle,

463 3015 521 3093 u't
541 3022 615 3094 tor
640 2990 740 3091 aliis
765 2993 889 3128 typis
905 2993 1093 3092 traditis
1126 3027 1495 3128 enumeraretur,

464 3133 674 3234 arbitrati
696 3131 894 3231 suimus.
933 3135 1050 3232 Non
1074 3165 1235 3232 autem
1260 3172 1340 3236 me
1362 3139 1491 3270 latet,

230 3306 290 3379 (a)
311 3305 398 3367 cent.
415 3321 443 3380 3·
461 3269 794 3374 Barthnlinum
832 3282 928 3404 (a)
965 3273 1233 3402 hujusmodi
1263 3277 1494 3384 Animalia

270 3383 356 3459 Epist.
373 3406 444 3458 290.

272 3466 338 3526 Aa.
359 3468 442 3546 Haff.

135 3574 138 3581 ·
266 3549 361 3628 Voln-
373 3551 441 3614 1820

466 3415 624 3514 dentes
658 3408 828 3512 fossiles
867 3415 926 3515 ad
959 3449 1125 3515 manus
1146 3447 1236 3518 tres
1256 3413 1490 3546 habuisse,

464 3591 617 3661 unum
649 3548 777 3694 apud
816 3557 1019 3660 lslandos
1041 3556 1091 3661 in
1133 3591 1255 3666 terta
1292 3557 1488 3699 calcina-¹

1280 3732 1417 3809 tumr
